@article{hartman2006autonomous,
  title={Autonomous boids},
  author={Hartman, Christopher and Benes, Bedrich},
  journal={Computer Animation and Virtual Worlds},
  volume={17},
  number={3-4},
  pages={199--206},
  year={2006},
  publisher={Wiley Online Library}
}
@article{hudak1994haskell,
  title={{Haskell vs. Ada vs. C++ vs. awk vs.... }an experiment in software prototyping productivity},
  author={Hudak, Paul and Jones, Mark P},
  journal={Contract},
  volume={14},
  number={92-C},
  pages={0153},
  year={1994}
}
@article{reynolds1987flocks,
  title={Flocks, herds and schools: A distributed behavioral model},
  author={Reynolds, Craig W},
  journal={ACM SIGGRAPH Computer Graphics},
  volume={21},
  number={4},
  pages={25--34},
  year={1987},
  publisher={ACM}
}
@article{hughes1989functional,
  title={Why functional programming matters},
  author={Hughes, John},
  journal={The Computer Journal},
  volume={32},
  number={2},
  pages={98--107},
  year={1989},
  publisher={Br Computer Soc}
}